% articolo scritto dopo il netflix prize su matrix factorization
@ARTICLE{matrix-factorization,
  author={Koren, Yehuda and Bell, Robert and Volinsky, Chris},
  journal={Computer}, 
  title={Matrix Factorization Techniques for Recommender Systems}, 
  year={2009},
  volume={42},
  number={8},
  pages={30-37},
  doi={10.1109/MC.2009.263}}

% survey sui recommender system deep learning
@article{deep-learning-survey,
   title={Deep Learning Based Recommender System},
   volume={52},
   ISSN={1557-7341},
   url={http://dx.doi.org/10.1145/3285029},
   DOI={10.1145/3285029},
   number={1},
   journal={ACM Computing Surveys},
   publisher={Association for Computing Machinery (ACM)},
   author={Zhang, Shuai and Yao, Lina and Sun, Aixin and Tay, Yi},
   year={2019},
   month={Feb},
   pages={1â€“38}
}

% libro sul deep learning
@book{Goodfellow-et-al-2016,
    title={Deep Learning},
    author={Ian Goodfellow and Yoshua Bengio and Aaron Courville},
    publisher={MIT Press},
    note={\url{http://www.deeplearningbook.org}},
    year={2016}
}

% paper su ReLU
@inproceedings{rectifier-neural-networks,
author = {Glorot, Xavier and Bordes, Antoine and Bengio, Y.},
year = {2010},
month = {01},
pages = {},
title = {Deep Sparse Rectifier Neural Networks},
volume = {15},
journal = {Journal of Machine Learning Research}
}

% survey sui recommender system classici e mobile
@article{survey-mattia,
title = {Recommender Systems for Online and Mobile Social Networks: A survey},
journal = {Online Social Networks and Media},
volume = {3-4},
pages = {75-97},
year = {2017},
issn = {2468-6964},
doi = {https://doi.org/10.1016/j.osnem.2017.10.005},
url = {https://www.sciencedirect.com/science/article/pii/S2468696417300885},
author = {Mattia G. Campana and Franca Delmastro},
keywords = {Recommender Systems, Online Social Networks, Mobile Social Networks}
}

% libro che introduce ai recommender system
@book{recsys-intro,
author = {Jannach, Dietmar and Zanker, Markus and Felfernig, Alexander and Friedrich, Gerhard},
title = {Recommender Systems: An Introduction},
year = {2010},
isbn = {0521493366},
publisher = {Cambridge University Press},
address = {USA},
edition = {1st}
}

% altro libro sui recommender system
@book{recsys-book,
  author = {Aggarwal, Charu C.},
  isbn = {978-3-319-29659-3},
  keywords = {dblp},
  pages = {1-498},
  publisher = {Springer},
  timestamp = {2019-11-29T11:45:57.000+0100},
  title = {Recommender Systems - The Textbook},
  year = 2016
}
